@online{AmazonEc24:online,
	author = {Amazon},
	title = {Amazon Echo Dot - Alexa Voice Service - Amazon.de},
	url = {https://www.amazon.de/Amazon-Generation-Intelligenter-Lautsprecher-Schwarz/dp/B01DFKBG54},
	urldate = {2018-06-07}
}
@online{PS4Welco38:online,
	author = {Sony},
	title = {PS4 | Welcome to the Future of Play | PlayStation},
	url = {https://www.playstation.com/de-de/explore/ps4/},
	year = {o.D.},
	urldate = {2018-06-07}
}
@online{Whatisth47:online,
	author = {Nick Heath},
	title = {What is the Raspberry Pi 3? Everything you need to know about the tiny, low-cost computer | ZDNet},
	url = {https://www.zdnet.com/article/what-is-the-raspberry-pi-3-everything-you-need-to-know-about-the-tiny-low-cost-computer/},
	month = {11},
	year = {2017},
	urldate = {2018-06-07}
}
@online{Einplati37:online,
	author = {Wikipedia},
	title = {Einplatinencomputer},
	url = {https://de.wikipedia.org/wiki/Einplatinencomputer},
	year = {o.D.},
	urldate = {2018-06-07}
}
@online{Raspberr2:online,
	author = {Raspberry PI Foundation},
	title = {Raspberry Pi 3 Model B - Raspberry Pi},
	url = {https://www.raspberrypi.org/products/raspberry-pi-3-model-b/},
	year = {o.D.},
	urldate = {2018-06-07}
}
@online{HomeAssi51:online,
	author = {home-assistant},
	title = {Home Assistant},
	url = {https://www.home-assistant.io/},
	year = {o.D.},
	urldate = {2018-06-07}
}
@online{AboutKod6:online,
	author = {},
	title = {About Kodi | Kodi | Open Source Home Theater Software},
	url = {https://kodi.tv/about},
	year = {o.D.},
	urldate = {2018-06-07}
}
@online{tvheadend:online,
	author = {},
	title = {Übersicht - Tvheadend},
	url = {https://tvheadend.org/},
	year = {o.D.},
	urldate = {2018-06-07}
}
@online{HarmonyH15:online,
	author = {Logitech},
	title = {Logitech Harmony Elite – Universalfernbedienung, Hub und App der neuesten Generation},
	url = {https://www.logitech.com/de-de/product/harmony-elite?crid=60},
	year = {o.D.},
	urldate = {2018-06-07}
}
@online{HowToPoi90:online,
	author = {Logitech},
	title = {How To Point Your Remote},
	url = {https://support.myharmony.com/de-us/properly-pointing-the-remote-or-positioning-the-hub},
	year = {o.D.},
	urldate = {2018-06-07}
}

@online{Emulated83:online,
	author =  {Home Assistant},
	title = {Emulated Hue Bridge - Home Assistant},
	url = {https://www.home-assistant.io/components/emulated_hue/},
	year = {o.D.},
	urldate = {2018-06-08}
}
@online{HueBridg65:online,
	author = {Philips},
	title = {Hue Bridge 8718696511800 | Philips},
	url = {https://www.philips.de/c-p/8718696511800/hue-bridge},
	year = {o.D.},
	urldate = {2018-06-08}
}
@online{dhleongp12:online,
	author = {Daniel Leong},
	title = {dhleong/ps4-waker: Wake your PS4 over LAN (with help from the Playstation App)},
	url = {https://github.com/dhleong/ps4-waker},
	month = {01},
	year = {2018},
	urldate = {2018-06-08}
}
@online{ps4waker31:online,
	author = {Daniel Leong},
	title = {ps4-waker/packets.js at master · dhleong/ps4-waker},
	url = {https://github.com/dhleong/ps4-waker/blob/master/lib/packets.js},
	month = {10},
	year = {2017},
	urldate = {2018-06-28}
}
@online{ps4waker93:online,
	author = {Daniel Leong},
	title = {ps4-waker/ps4socket.js at master · dhleong/ps4-waker},
	url = {https://github.com/dhleong/ps4-waker/blob/master/lib/ps4socket.js},
	month = {10},
	year = {2017},
	urldate = {2018-06-28}
}
@online{FRITZBox29:online,
	author = {AVM Deutschland},
	title = {FRITZ!Box 7560 | AVM Deutschland},
	url = {https://avm.de/produkte/fritzbox/fritzbox-7560/},
	year = {o.D.},
	urldate = {2018-06-08}
}
@online{fritzcap8:online,
author = {Jeroen Wiert Pluimers},
title = {fritzcap/fritzcap-interfaces-table.md at master · jpluimers/fritzcap},
url = {https://github.com/jpluimers/fritzcap/blob/master/fritzcap-interfaces-table.md},
month = {07},
year = {2017},
urldate = {2018-06-08}
}
@online{Maninthe12:online,
author = {Elektronik-Kompendium},
title = {Man-in-the-Middle},
url = {https://www.elektronik-kompendium.de/sites/net/1710251.htm},
year = {o.D.},
urldate = {2018-06-08}
}
@online{AmazonEc81:online,
author = {Johann Philipp},
title = {Amazon Echo: Alexa schneidet heimlich Gespräch mit – und schickt es an Arbeitskollegen – GIGA},
url = {https://www.giga.de/unternehmen/amazon/news/amazon-echo-alexa-schneidet-heimlich-gespraech-mit-und-schickt-es-an-arbeitskollegen/},
month = {05},
year = {2018},
urldate = {2018-06-09}
}

@BOOK{Bless2006,
	AUTHOR = {Bless, Roland AND Mink, Stefan AND Blaß, Erik-Oliver AND Conrad, Michael AND Hof, Hans-Joachim AND Kutzner, Kendy AND Schöller, Marcus},
	YEAR = {2006},
	TITLE = {Sichere Netzwerkkommunikation - Grundlagen, Protokolle und Architekturen},
	EDITION = {},
	ISBN = {978-3-540-27896-2},
	PUBLISHER = {Springer-Verlag},
	ADDRESS = {Berlin Heidelberg New York},
}
@online{IANA:online,
author = {IANA},
title = {IANA — IANA-managed Reserved Domains},
url = {https://www.iana.org/domains/reserved},
month = {},
year = {},
urldate = {2018-06-09}
}
@online{WasistAm39:online,
author = {},
title = {Was ist Amazon EC2? - Amazon Elastic Compute Cloud},
url = {https://docs.aws.amazon.com/de_de/AWSEC2/latest/UserGuide/concepts.html},
month = {},
year = {},
urldate = {2018-06-09}
}
@online{AWSElast48:online,
author = {},
title = {AWS Elastic Beanstalk - PaaS Application Management},
url = {https://aws.amazon.com/de/elasticbeanstalk/},
month = {},
year = {},
urldate = {2018-06-10}
}
@online{Coreconc26:online,
author = {Philips},
title = {Core concepts | Philips Hue API},
url = {https://www.developers.meethue.com/documentation/core-concepts},
year = {o.D.},
urldate = {2018-06-10}
}
